@article{process_matrix,
Author = {Ognyan Oreshkov and Fabio Costa and Caslav Brukner},
Title = {Quantum correlations with no causal order},
Year = {2011},
Eprint = {arXiv:1105.4464},
Howpublished = {Nature Communications 3, 1092 (2012)},
Doi = {10.1038/ncomms2076},
}

@article{quantum_instrument,
author = "Davies, E. B. and Lewis, J. T.",
fjournal = "Communications in Mathematical Physics",
journal = "Comm. Math. Phys.",
number = "3",
pages = "239--260",
publisher = "Springer",
title = "An operational approach to quantum probability",
url = "http://projecteuclid.org/euclid.cmp/1103842336",
volume = "17",
year = "1970"
}
@article{cj_iso1,
    author = {Jamiolkowski, A.},
    citeulike-article-id = {5300749},
    citeulike-linkout-0 = {http://dx.doi.org/10.1016/0034-4877(72)90011-0},
    doi = {10.1016/0034-4877(72)90011-0},
    issn = {00344877},
    journal = {Reports on Mathematical Physics},
    keywords = {quantum\_mechanics, quantum\_tomography},
    month = dec,
    number = {4},
    pages = {275--278},
    posted-at = {2010-06-28 07:20:20},
    priority = {2},
    title = {{Linear transformations which preserve trace and positive semidefiniteness of operators}},
    url = {http://dx.doi.org/10.1016/0034-4877(72)90011-0},
    volume = {3},
    year = {1972}
}

@article{cj_iso2,
title = "Completely positive linear maps on complex matrices",
journal = "Linear Algebra and its Applications",
volume = "10",
number = "3",
pages = "285 - 290",
year = "1975",
note = "",
issn = "0024-3795",
doi = "http://dx.doi.org/10.1016/0024-3795(75)90075-0",
url = "http://www.sciencedirect.com/science/article/pii/0024379575900750",
author = "Man-Duen Choi",

}